%% This BibTeX bibliography file was created using BibDesk.
%% https://bibdesk.sourceforge.io/

%% Created for Sarah C. Shi at 2022-10-26 11:13:46 -0400 


%% Saved with string encoding Unicode (UTF-8) 



@article{MetrichandWallace2008,
	author = {M{\'e}trich, Nicole and Wallace, Paul J},
	date-added = {2022-10-26 11:13:27 -0400},
	date-modified = {2022-10-26 11:13:46 -0400},
	journal = {Reviews in Mineralogy and Geochemistry},
	number = {1},
	pages = {363--402},
	publisher = {Mineralogical Society of America},
	title = {{Volatile abundances in basaltic magmas and their degassing paths tracked by melt inclusions}},
	volume = {69},
	year = {2008}}

@article{Mercier2010,
	author = {Mercier, Maxime and Di Muro, Andrea and M{\'e}trich, Nicole and Giordano, Daniele and Belhadj, Olfa and Mandeville, Charles W},
	date-added = {2022-10-26 11:12:47 -0400},
	date-modified = {2022-10-26 11:13:05 -0400},
	journal = {{Geochimica et Cosmochimica Acta}},
	number = {19},
	pages = {5641--5656},
	publisher = {Elsevier},
	title = {{Spectroscopic analysis (FTIR, Raman) of water in mafic and intermediate glasses and glass inclusions}},
	volume = {74},
	year = {2010}}

@article{Stabileetal2020,
	author = {Stabile, Paola and Appiah, Ernestina and Bello, Marco and Giuli, Gabriele and Paris, Eleonora and Carroll, Michael R},
	date-added = {2022-10-26 11:11:50 -0400},
	date-modified = {2022-10-26 11:12:09 -0400},
	journal = {{American Mineralogist: Journal of Earth and Planetary Materials}},
	number = {7},
	pages = {1060--1068},
	publisher = {Mineralogical Society of America},
	title = {{New IR spectroscopic data for determination of water abundances in hydrous pantelleritic glasses}},
	volume = {105},
	year = {2020}}

@book{Menke2018,
	author = {Menke, William},
	date-added = {2022-10-26 11:11:20 -0400},
	date-modified = {2022-10-26 11:11:31 -0400},
	publisher = {Academic Press},
	title = {Geophysical data analysis: {D}iscrete inverse theory},
	year = {2018}}

@article{Cubillosetal2016,
	author = {Cubillos, Patricio and Harrington, Joseph and Lust, Nate and Foster, A.J. and Stemm, Madison and Loredo, Tom and Stevenson, Kevin and Campo, Chris and Hardin, Matt and Hardy, Ryan},
	date-added = {2022-10-26 11:10:38 -0400},
	date-modified = {2022-10-26 11:10:38 -0400},
	journal = {Astrophysics Source Code Library},
	pages = {ascl--1610},
	title = {{MC}3: {M}ulti-core {M}arkov-chain {M}onte {C}arlo code},
	year = {2016}}

@article{Cubillosetal2017,
	author = {Cubillos, Patricio and Harrington, Joseph and Loredo, Thomas J. and Lust, Nate B. and Blecic, Jasmina and Stemm, Madison},
	date-added = {2022-10-26 11:10:38 -0400},
	date-modified = {2022-10-26 11:10:38 -0400},
	journal = {The Astronomical Journal},
	number = {1},
	pages = {3},
	title = {On {C}orrelated-noise {A}nalyses {A}pplied to {E}xoplanet {L}ight {C}urves},
	volume = {153},
	year = {2017}}

@article{terBraak2006,
	author = {ter Braak, Cajo J.F.},
	date-added = {2022-10-26 11:10:29 -0400},
	date-modified = {2022-10-26 11:10:29 -0400},
	journal = {Statistics and Computing},
	pages = {239-249},
	title = {A {M}arkov {C}hain {M}onte {C}arlo version of the genetic algorithm {D}ifferential {E}volution: easy {B}ayesian computing for real parameter spaces},
	volume = {16},
	year = {2006}}

@article{terBraakandVrugt2008,
	author = {ter Braak, Cajo J.F. and Vrugt, Jasper A.},
	date-added = {2022-10-26 11:10:29 -0400},
	date-modified = {2022-10-26 11:10:29 -0400},
	journal = {Statistics and Computing},
	number = {435-446},
	title = {{D}ifferential {E}volution {M}arkov {C}hain with snooker updater and fewer chains},
	volume = {18},
	year = {2008}}

@article{vonAulocketal2014,
	author = {von Aulock, Felix W and Kennedy, Ben M and Schipper, C Ian and Castro, JM and Martin, DE and Oze, C and Watkins, James M and Wallace, Paul J and Puskar, L and B{\'e}gu{\'e}, F and others},
	date-added = {2022-10-26 11:09:08 -0400},
	date-modified = {2022-10-26 11:09:36 -0400},
	journal = {Lithos},
	pages = {52--64},
	publisher = {Elsevier},
	title = {Advances in {F}ourier transform infrared spectroscopy of natural glasses: {F}rom sample preparation to data analysisdvances in {F}ourier transform infrared spectroscopy of natural glasses: {F}rom sample preparation to data analysis},
	volume = {206},
	year = {2014}}

@article{Dixonetal1995,
	author = {Dixon, Jacqueline Eaby and Stolper, Edward M and Holloway, John R},
	date-added = {2022-10-26 11:07:59 -0400},
	date-modified = {2022-10-26 11:08:29 -0400},
	journal = {Journal of Petrology},
	number = {6},
	pages = {1607--1631},
	publisher = {Oxford University Press},
	title = {An experimental study of water and carbon dioxide solubilities in mid-ocean ridge basaltic liquids. {P}art {I}: calibration and solubility models},
	volume = {36},
	year = {1995}}

@article{Dixonetal1988,
	author = {Dixon, Jacqueline Eaby and Stolper, Edward and Delaney, John R},
	date-added = {2022-10-26 11:06:53 -0400},
	date-modified = {2022-10-26 11:07:30 -0400},
	journal = {Earth and Planetary Science Letters},
	number = {1},
	pages = {87--104},
	publisher = {Elsevier},
	title = {Infrared spectroscopic measurements of {CO}$_2$ and {H}$_2${O} in {J}uan de {F}uca {R}idge basaltic glasses},
	volume = {90},
	year = {1988}}

@article{DixonandStolper1995,
	author = {Dixon, Jacqueline Eaby and Stolper, Edward M},
	date-added = {2022-10-26 11:05:52 -0400},
	date-modified = {2022-10-26 11:06:14 -0400},
	journal = {Journal of Petrology},
	number = {6},
	pages = {1633--1646},
	publisher = {Oxford University Press},
	title = {An experimental study of water and carbon dioxide solubilities in mid-ocean ridge basaltic liquids. {P}art {II}: applications to degassing},
	volume = {36},
	year = {1995}}

@article{DixonandPan1995,
	author = {Dixon, Jacqueline Eaby and Pan, Vivian},
	date-added = {2022-10-26 11:05:27 -0400},
	date-modified = {2022-10-26 11:05:32 -0400},
	journal = {American Mineralogist},
	number = {11-12},
	pages = {1339--1342},
	publisher = {Mineralogical Society of America},
	title = {Determination of the molar absorptivity of dissolved carbonate in basanitic glass},
	volume = {80},
	year = {1995}}

@article{DixonandClague2001,
	author = {Dixon, Jacqueline Eaby and Clague, David A},
	date-added = {2022-10-26 11:04:49 -0400},
	date-modified = {2022-10-26 11:04:55 -0400},
	journal = {Journal of Petrology},
	number = {3},
	pages = {627--654},
	publisher = {Oxford University Press},
	title = {Volatiles in basaltic glasses from Loihi Seamount, Hawaii: Evidence for a relatively dry plume component},
	volume = {42},
	year = {2001}}
